@PhdThesis{cite1,
author = {Matei Alexandru Zaharia},
title = {An Architecture for Fast and General Data Processing on Large Clusters},
school = {University of California, Berkeley},
year = {2013}
}
@article{cite2,
	author = {Harshawardhan S. Bhosale, Devendra P. Gadekar},
    title = {A Review Paper on Big Data and Hadoop},
    year = {October 2014},
    journal = "International Journal of Scientific and Research Publications",
    number = "4"
}   

@article{cite3,
	author = {Herve Abdi, Lynne J. Williams},
    title = {Principal component analysis},
    year = {2010},
    journal = "John Wiley and Sons",
    number = "2",
    pages = "433--459",
    DOI = "http://wires.wiley.com/WileyCDA/WiresJournal/wisId-WICS.html"
}
@article{cite4,
	author = {Chris Ding, Xiaofeng He},
    title = {K-means Clustering via Principal Component Analysis},
    year = {October 2014},
    journal = "Computational Research Division, Lawrence Berkeley National Laboratory, Berkeley, CA",
    number = "94720"
}
@article{cite5,
	author = {Chris Ding, Xiaofeng He},
    title = {K-means Clustering via Principal Component Analysis},
    year = {October 2014},
    journal = "Computational Research Division, Lawrence Berkeley National Laboratory, Berkeley, CA",
    number = "2"
}
@book{cite6,
	author = {Business Driven On Big Data Technologies},
    title = {Sartaj Fatima, Mohammed Sajjad Ali},
    year = {2015},
    publisher = {International Journal of Engineering Research in Computer Science and
Engineering}
}
@article{cite7,
author = {Elena Geanina ULARU, Florina Camelia PUICAN, Anca APOSTU, Manole VELICANU},
title = {Perspectives on Big Data and Big Data Analytics },
journal = {Database Systems Journal },
year = {2012},
OPTvolume = {III},
OPTnumber = {4}
}
@TechReport{cite8,
author = {Leading Researchers across the United States},
title = {Challenges	and	Opportunities with Big Data},
institution = {White Paper},
year = {2012}
}
@Article{cite9,
author = {Jonathon Shlens},
title = {A Tutorial on Principal Component Analysis},
journal = {Institute for Nonlinear Science, University of California, San Diego},
year = {2005},
OPTvolume = {2}
}
@Article{cite10,
author = {Rosaria Silipo, Iris Adae, Aaron Hart, Michael Berthold },
title = {Seven Techniques for Dimensionality Reduction},
journal = {KNIME},
year = {2014}
}
@Book{cite11,
author = {Pang-Ning Tan, Michael Steinbach, Vipin Kumar},
title = {Introduction to Data Mining},
publisher = { University of Minnesota },
year = {2006}
}
@Article{cite12,
author = {Minter E, Michaud M.},
title = {Using Graphics to Report Evaluation Results},
journal = {University of Wisconsin Cooperative Extension},
year = {2003}
}
@Article{cite13,
author = {Konstantin Shvachko, Hairong Kuang, Sanjay Radia, Robert Chansler},
title = {The Hadoop Distributed File System},
journal = {IEEE, Contemporary Computing (IC3), Sixth International Conference},
year = {2010},
OPTpages = {404-409}
}
@Book{cite14,
title = {Hadoop: big data analysis framework},
publisher = {Tutorials Point},
year = {2014}
}
@Article{cite15,
author = {Dhruba Borthakur},
title = {Hadoop official documentation},
journal = {The Apache Software Foundation},
year = {2008}
}
@Article{cite16,
author = {Andrew Pavlo},
title = {A Comparison of Approaches to
Large-Scale Data Analysis},
journal = {SIGMOD},
year = {2009}
}
@Article{cite17,
author = {Harshawardhan S. Bhosale, Devendra P. Gadekar},
title = {Big Data Processing Using Hadoop: Survey on Scheduling},
journal = {International Journal of Science and Research (IJSR)},
year = {2014}
}
@Article{cite18,
author = { Gunasekaran Manogaran, Chandu Thota, Daphne Lopez,  Revathi Sundarsekar},
title = {Big Data Knowledge System in Healthcare},
journal = { Internet of Things and Big Data Technologies for Next Generation Healthcare},
year = {2017}
}

@InBook{cite18,
author = {Gunasekaran Manogaran, Chandu Thota, Daphne Lopez,  Revathi Sundarsekar},
title = {Internet of Things and Big Data Technologies for Next Generation Healthcare},
chapter = {Big Data Knowledge System in Healthcare},
year = {2017},
pages = {133-157}
}
@Book{cite19,
title = {Cluster Analysis,},
author = {Everitt, B.S., Landau, S. and Leese, M.},
publisher = {Fourth edition, Arnold.},
year = {2001}
}
@Book{cite20,
title = {Multivariate Statistical Methods: A primer},
author={Manly, B.F.J},
publisher = {Third edition, Chapman and Hall},
year = {2005}
}
@Article{cite21,
author = {Erik G. Learned-Miller},
title = {Introduction to Supervised Learning},
journal = {University of Massachusetts, Amherst},
year = {2014}
}
@Book{cite22,
title = {Introduction to Machine Learning},
author={Alpaydin Ethem},
publisher = {MIT Press},
year = {2010}
}

@Article{cite23,
author = {Dhruba Borthakur},
title = {HDFS Design},
journal = {Haddop Official Documentation},
year = {2013}
}

@Article{cite,
author = {Doug Laney},
title = {Application Delivery Strategies},
journal = { META Group Inc.},
year = {2001}
}