
@book{cite1,
	author = {UML 2.0 in a Nutshell},
    title = {Dan Pilone, Neil Pitman},
    year = {2005},
    publisher = {O'Reilly Media}
}
@book{cite2,
	author = {Laravel: Up \& Running},
    title = {Matt Stauffer},
    year = {2016},
    publisher = {O'Reilly Media}
}

@book{cite3,
	author = {MVC Cookbook},
    title = {Alex Bretet},
    year = {2016},
    publisher = {Packt Publishing}
}
@book{cite4,
	author = {Networking All-in-One For Dummies},
    title = {Doug Lowe},
    year = {2016},
    publisher = {Wiley}
}